<record><leader>00000cas a22000007a 4500</leader><controlfield tag="001">31976310</controlfield><controlfield tag="008">950213d1940194unyuwr ne      0    0eng d</controlfield><datafield ind1=" " ind2=" " tag="010"><subfield code="a">sn 95071059 </subfield></datafield><datafield ind1=" " ind2=" " tag="040"><subfield code="a">NYS</subfield><subfield code="b">eng</subfield><subfield code="c">NYS</subfield><subfield code="d">OCLCQ</subfield></datafield><datafield ind1=" " ind2=" " tag="042"><subfield code="a">msc</subfield></datafield><datafield ind1="0" ind2=" " tag="130"><subfield code="a">Franklin Square bulletin (Franklin Square, N.Y. : 1940)</subfield></datafield><datafield ind1="1" ind2="0" tag="245"><subfield code="a">Franklin Square bulletin.</subfield></datafield><datafield ind1=" " ind2=" " tag="260"><subfield code="a">Franklin Square, N.Y. :</subfield><subfield code="b">[s.n.]</subfield></datafield><datafield ind1=" " ind2=" " tag="300"><subfield code="a">v.</subfield></datafield><datafield ind1=" " ind2=" " tag="310"><subfield code="a">Weekly</subfield></datafield><datafield ind1="0" ind2=" " tag="362"><subfield code="a">Vol. 1, no. 1 (Mar. 14, 1940)-</subfield></datafield><datafield ind1=" " ind2=" " tag="500"><subfield code="a">"Franklin Square : Elmont : West Hempstead" appears in masthead in small type, &lt;1944&gt;.</subfield></datafield><datafield ind1=" " ind2="4" tag="651"><subfield code="a">Franklin Square (N.Y.)</subfield><subfield code="v">Newspapers.</subfield></datafield><datafield ind1=" " ind2="4" tag="651"><subfield code="a">Elmont (N.Y.)</subfield><subfield code="v">Newspapers.</subfield></datafield><datafield ind1=" " ind2="4" tag="651"><subfield code="a">Hempstead (N.Y. : Town)</subfield><subfield code="v">Newspapers.</subfield></datafield><datafield ind1=" " ind2="4" tag="651"><subfield code="a">Nassau County (N.Y.)</subfield><subfield code="v">Newspapers.</subfield></datafield><datafield ind1=" " ind2=" " tag="752"><subfield code="a">United States</subfield><subfield code="b">New York</subfield><subfield code="c">Nassau</subfield><subfield code="d">Franklin Square.</subfield></datafield><datafield ind1="0" ind2="0" tag="785"><subfield code="t">Bulletin (Franklin Square, N.Y. : 1946)</subfield><subfield code="w">(DLC)sn 95071060</subfield></datafield><datafield ind1="1" ind2=" " tag="029"><subfield code="a">AU@</subfield><subfield code="b">000011579718</subfield></datafield></record>